%% This BibTeX bibliography file was created using BibDesk.
%% https://bibdesk.sourceforge.io/

%% Created for Spencer Smith at 2023-03-24 13:04:27 -0400 


%% Saved with string encoding Unicode (UTF-8) 


@article{Wang_Ranade_Okumus_2022, title={Estimating chloride exposure of reinforced concrete bridges using vehicle spray and Splash Mechanisms}, volume={19}, DOI={10.1080/15732479.2022.2052910}, number={11}, journal={Structure and Infrastructure Engineering}, author={Wang, Hanmin and Ranade, Ravi and Okumus, Pinar}, year={2022}, month={Mar}, pages={1676â€“1686}} 