@article{article,
author = {Xu, Mingsai and Zheng, Yuxin and Yang, Cancan},
year = {2024},
month = {08},
pages = {},
title = {Assessing Highway Bridge Chloride Exposure at a Provincial Scale: Mapping and Projecting Impacts of Climate Change},
volume = {29},
journal = {Journal of Bridge Engineering},
doi = {10.1061/JBENF2.BEENG-6669}
}

@article{Wang02112023,
author = {Hanmin Wang, Ravi Ranade and Pinar Okumus},
title = {Estimating chloride exposure of reinforced concrete bridges using vehicle spray and splash mechanisms},
journal = {Structure and Infrastructure Engineering},
volume = {19},
number = {11},
pages = {1676--1686},
year = {2023},
publisher = {Taylor \& Francis},
doi = {10.1080/15732479.2022.2052910}
}

@article{article,
author = {Kirkpatrick, Trevor and Weyers, Richard and Anderson-Cook, Christine and Sprinkel, Michael},
year = {2002},
month = {12},
pages = {1943-1960},
title = {Probabilistic Model of Chloride-Induced Corrosion Service Life of Bridge Decks},
volume = {32},
journal = {Cement and Concrete Research - CEM CONCR RES},
doi = {10.1016/S0008-8846(02)00905-5}
}

@article{article,
author = {Denby, B.R. and Sundvor, Ingrid and Johansson, C. and Pirjola, Liisa and Ketzel, Matthias and Norman, Michael and Kupiainen, Kaarle and Gustafsson, Mats and Blomqvist, Göran and Kauhaniemi, Mari and Omstedt, Gunnar},
year = {2013},
month = {12},
pages = {485-503},
title = {A coupled road dust and surface moisture model to predict non-exhaust road traffic induced particle emissions (NORTRIP). Part 2: Surface moisture and salt impact modelling},
volume = {81},
journal = {Atmospheric Environment},
doi = {10.1016/j.atmosenv.2013.09.003}
}

@article{article,
author = {Lundmark, Annika and Olofsson, Bo},
year = {2007},
month = {05},
pages = {173-185},
title = {Chloride Deposition and Distribution in Soils Along a Deiced Highway – Assessment Using Different Methods of Measurement},
volume = {182},
journal = {Water, Air, and Soil Pollution},
doi = {10.1007/s11270-006-9330-8}
}